<?xml version="1.0" encoding="UTF-8"?><collection xmlns="http://www.loc.gov/MARC21/slim"><record><leader>00360nam--2200145-i-4500</leader><controlfield tag="001">000011625</controlfield><controlfield tag="002">20161230</controlfield><controlfield tag="005">20161230201029</controlfield><controlfield tag="008">060222s1000------------r-----000-0-eng-d</controlfield><datafield ind1=" " ind2=" " tag="080"><subfield code="a">621.37.029.6(082.1)</subfield></datafield><datafield ind1=" " ind2=" " tag="245"><subfield code="a">Advances in microwaves</subfield></datafield><datafield ind1=" " ind2=" " tag="260"><subfield code="a">New York, Academic Press, 1966-</subfield></datafield><datafield ind1=" " ind2=" " tag="490"><subfield code="a">Advances In Microwaves</subfield></datafield><datafield ind1=" " ind2=" " tag="700"><subfield code="a">Young, Leo</subfield></datafield><datafield ind1=" " ind2=" " tag="852"><subfield code="a">27334</subfield></datafield></record></collection>